@article{kratky1949rontgenuntersuchung,
  title={R{\"o}ntgenuntersuchung gel{\"o}ster fadenmolek{\"u}le},
  author={Kratky, Otto and Porod, G{\"u}nther},
  journal={Recueil des Travaux Chimiques des Pays-Bas},
  volume={68},
  number={12},
  pages={1106--1122},
  year={1949},
  publisher={Wiley Online Library}
}
@article{marko1995statistical,
  title={Statistical mechanics of supercoiled DNA},
  author={Marko, JF and Siggia, ED},
  journal={Physical Review E},
  volume={52},
  number={3},
  pages={2912},
  year={1995},
  publisher={APS}
}
@article{petrosyan2017improved,
  title={Improved approximations for some polymer extension models},
  author={Petrosyan, Rafayel},
  journal={Rheologica Acta},
  volume={56},
  number={1},
  pages={21--26},
  year={2017},
  publisher={Springer}
}
@article{wang1997stretching,
  title={Stretching DNA with optical tweezers.},
  author={Wang, Michelle D and Yin, Hong and Landick, Robert and Gelles, Jeff and Block, Steven M},
  journal={Biophysical journal},
  volume={72},
  number={3},
  pages={1335},
  year={1997},
  publisher={The Biophysical Society}
}