@article{kratky1949rontgenuntersuchung,
  title={R{\"o}ntgenuntersuchung gel{\"o}ster fadenmolek{\"u}le},
  author={Kratky, Otto and Porod, G{\"u}nther},
  journal={Recueil des Travaux Chimiques des Pays-Bas},
  volume={68},
  number={12},
  pages={1106--1122},
  year={1949},
  publisher={Wiley Online Library}
}
@article{marko1995statistical,
  title={Statistical mechanics of supercoiled DNA},
  author={Marko, JF and Siggia, ED},
  journal={Physical Review E},
  volume={52},
  number={3},
  pages={2912},
  year={1995},
  publisher={APS}
}
@article{petrosyan2017improved,
  title={Improved approximations for some polymer extension models},
  author={Petrosyan, Rafayel},
  journal={Rheologica Acta},
  volume={56},
  number={1},
  pages={21--26},
  year={2017},
  publisher={Springer}
}
@article{wang1997stretching,
  title={Stretching DNA with optical tweezers.},
  author={Wang, Michelle D and Yin, Hong and Landick, Robert and Gelles, Jeff and Block, Steven M},
  journal={Biophysical journal},
  volume={72},
  number={3},
  pages={1335},
  year={1997},
  publisher={The Biophysical Society}
}
@article{puchner2008comparing,
  title={Comparing proteins by their unfolding pattern},
  author={Puchner, Elias M and Franzen, Gereon and Gautel, Mathias and Gaub, Hermann E},
  journal={Biophysical journal},
  volume={95},
  number={1},
  pages={426--434},
  year={2008},
  publisher={Elsevier}
}
@article{he2012mechanically,
  title={Mechanically untying a protein slipknot: multiple pathways revealed by force spectroscopy and steered molecular dynamics simulations},
  author={He, Chengzhi and Genchev, Georgi Z and Lu, Hui and Li, Hongbin},
  journal={Journal of the American Chemical Society},
  volume={134},
  number={25},
  pages={10428--10435},
  year={2012},
  publisher={ACS Publications}
}
@article{wang2019mechanical,
  title={Mechanical unfolding and folding of a complex slipknot protein probed by using optical tweezers},
  author={Wang, Han and Gao, Xiaoqing and Hu, Xiaodong and Hu, Xiaotang and Hu, Chunguang and Li, Hongbin},
  journal={Biochemistry},
  volume={58},
  number={47},
  pages={4751--4760},
  year={2019},
  publisher={ACS Publications}
}
@article{he2019direct,
  title={Direct observation of the fast and robust folding of a slipknotted protein by optical tweezers},
  author={He, Chengzhi and Li, Shuai and Gao, Xiaoqing and Xiao, Adam and Hu, Chunguang and Hu, Xiaodong and Hu, Xiaotang and Li, Hongbin},
  journal={Nanoscale},
  volume={11},
  number={9},
  pages={3945--3951},
  year={2019},
  publisher={Royal Society of Chemistry}
}
@article{he2014mechanically,
  title={Mechanically tightening a protein slipknot into a trefoil knot},
  author={He, Chengzhi and Lamour, Guillaume and Xiao, Adam and Gsponer, Joerg and Li, Hongbin},
  journal={Journal of the American Chemical Society},
  volume={136},
  number={34},
  pages={11946--11955},
  year={2014},
  publisher={ACS Publications}
}
@article{ziegler2016knotting,
  title={Knotting and unknotting of a protein in single molecule experiments},
  author={Ziegler, Fabian and Lim, Nicole CH and Mandal, Soumit Sankar and Pelz, Benjamin and Ng, Wei-Ping and Schlierf, Michael and Jackson, Sophie E and Rief, Matthias},
  journal={Proceedings of the National Academy of Sciences},
  volume={113},
  number={27},
  pages={7533--7538},
  year={2016},
  publisher={National Acad Sciences}
}
@article{pieranski2001tight,
  title={Tight open knots},
  author={Piera{\'n}ski, Piotr and Przyby{\l}, Sylwester and Stasiak, Andrzej},
  journal={The European Physical Journal E},
  volume={6},
  number={2},
  pages={123--128},
  year={2001},
  publisher={Springer}
}
@article{dzubiella2009sequence,
  title={Sequence-specific size, structure, and stability of tight protein knots},
  author={Dzubiella, Joachim},
  journal={Biophysical journal},
  volume={96},
  number={3},
  pages={831--839},
  year={2009},
  publisher={Elsevier}
}
@article{dudko2006intrinsic,
  title={Intrinsic rates and activation free energies from single-molecule pulling experiments},
  author={Dudko, Olga K and Hummer, Gerhard and Szabo, Attila},
  journal={Physical review letters},
  volume={96},
  number={10},
  pages={108101},
  year={2006},
  publisher={APS}
}